@misc{kolosov2023secure,
    title = {{Secure OpenID Connect implementation using Azure Active Directory and ASP .NET Core (Source files)}},
    author = {Kolosov, Petro and Kudryashov, Dmitrij},
    journal = {{Published electronically at https://github.com/kolosovpetro/SecureAzureOIDC}},
    year = {2023}
}