@inproceedings{siddiqui2011cross,
    title = {{Cross site request forgery: A common web application weakness}},
    author = {Siddiqui, Mohd Shadab and Verma, Deepanker},
    booktitle = {2011 IEEE 3rd International Conference on Communication Software and Networks},
    pages = {538--543},
    year = {2011},
    organization = {IEEE}
}

@article{spett2005cross,
    title = {{Cross-site scripting}},
    author = {Spett, Kevin},
    journal = {SPI Labs},
    volume = {1},
    number = {1},
    pages = {20},
    year = {2005}
}

@misc{bradley2015rfc,
    title = {{RFC 7636: Proof Key for Code Exchange by OAuth Public Clients}},
    author = {Bradley, J and Agarwal, N},
    year = {2015},
    howpublished = "\url{https://www.rfc-editor.org/rfc/rfc7636}",
    publisher = {RFC Editor}
}

@misc{hardt2012oauth,
    title = {{The OAuth 2.0 authorization framework}},
    author = {Hardt, Dick},
    howpublished = "\url{https://www.rfc-editor.org/rfc/rfc6749}",
    publisher = {RFC Editor},
    year = {2012}
}

@misc{fielding2014rfc,
    title = {{RFC 7231: Hypertext Transfer Protocol (HTTP/1.1): semantics and content}},
    author = {Fielding, Roy and Reschke, Julian},
    howpublished = "\url{https://www.rfc-editor.org/rfc/rfc7231}",
    year = {2014},
    publisher = {RFC Editor}
}

@misc{owaspCsrf,
    title = {{Cross-Site Request Forgery Prevention Cheat Sheet}},
    author = {OWASP Cheat Sheet Series},
    year = {2023},
    howpublished = "\url{https://cheatsheetseries.owasp.org/cheatsheets/Cross-Site_Request_Forgery_Prevention_Cheat_Sheet.html}",
    publisher = {OWASP}
}